

@article{md1983,
	Author = {Seidman, Stephen B},
	Journal = {Social networks},
	Number = {3},
	Pages = {269--287},
	Publisher = {Elsevier},
	Title = {Network structure and minimum degree},
	Volume = {5},
	Year = {1983}}


	@article{kcore2003,
	Author = {Batagelj, Vladimir and Zaversnik, Matjaz},
	Journal = {arXiv},
	Title = {An O(m) algorithm for cores decomposition of networks},
	Year = {2003}}

	@article{valiant,
  title={The complexity of computing the permanent},
  author={Valiant, Leslie G},
  journal={Theoretical computer science},
  volume={8},
  number={2},
  pages={189--201},
  year={1979},
  publisher={Elsevier}
}

@article{garey1979guide,
  title={A Guide to the Theory of NP-Completeness},
  author={Garey, Michael R and Johnson, David S},
  journal={WH Freemann, New York},
  volume={70},
  year={1979}
}

@book{papadimitriou2003computational,
  title={Computational complexity},
  author={Papadimitriou, Christos H},
  year={2003},
  publisher={John Wiley and Sons Ltd.}
}

@article{provan1983complexity,
  title={The complexity of counting cuts and of computing the probability that a graph is connected},
  author={Provan, J Scott and Ball, Michael O},
  journal={SIAM Journal on Computing},
  volume={12},
  number={4},
  pages={777--788},
  year={1983},
  publisher={SIAM}
}

@inproceedings{yang2004complexity,
  title={The complexity of mining maximal frequent itemsets and maximal frequent patterns},
  author={Yang, Guizhen},
  booktitle={Proceedings of the tenth ACM SIGKDD international conference on Knowledge discovery and data mining},
  pages={344--353},
  year={2004},
  organization={ACM}
}